@misc{AHN2016inwinjaren,
	author={AHN},
	year={2016},
	title={{Inwinjaren AHN2 \& AHN3}},
	url={http://www.ahn.nl/common-nlm/inwinjaren-ahn2--ahn3.html},
	note={[Online: accessed April 2017]}
}

@misc{SDFE2017dhm,
	author={SDFE},
	year={2017},
	title={{DHM/Punktsky}},
	url={https://download.kortforsyningen.dk/content/dhmpunktsky},
	note={[Online: accessed June 2017]}
}


@article{antonarakis2008object,
	title={Object-based land cover classification using airborne LiDAR},
	author={Antonarakis, AS and Richards, Keith S and Brasington, James},
	journal={Remote Sensing of Environment},
	volume={112},
	number={6},
	pages={2988--2998},
	year={2008},
	publisher={Elsevier}
}

@article{bailly2008agrarian,
	title={Agrarian landscapes linear features detection from LiDAR: application to artificial drainage networks},
	author={Bailly, JS and Lagacherie, P and Millier, C and Puech, C and Kosuth, P},
	journal={International Journal of Remote Sensing},
	volume={29},
	number={12},
	pages={3489--3508},
	year={2008},
	publisher={Taylor \& Francis}
}

@article{baldi2000assessing,
	title={Assessing the accuracy of prediction algorithms for classification: an overview},
	author={Baldi, Pierre and Brunak, S{\o}ren and Chauvin, Yves and Andersen, Claus AF and Nielsen, Henrik},
	journal={Bioinformatics},
	volume={16},
	number={5},
	pages={412--424},
	year={2000},
	publisher={Oxford Univ Press}
}

@article{bentley1975kdtree,
	author = {Bentley, Jon Louis},
	title = {Multidimensional Binary Search Trees Used for Associative Searching},
	journal = {Communications of the ACM},
	volume = {18},
	number = {9},
	year = {1975},
	pages = {509--517},
	doi = {10.1145/361002.361007},
} 

@article{besl1988segmentation,
	title={Segmentation through variable-order surface fitting},
	author={Besl, Paul J. and Jain, Ramesh C},
	journal={IEEE Transactions on Pattern Analysis and Machine Intelligence},
	volume={10},
	number={2},
	pages={167--192},
	year={1988},
	publisher={IEEE}
}

@techreport{biala2012streamlining,
	title={Streamlining European biodiversity indicators 2020},
	author={Bia{\l}a, Katarzyna and Cond{\'e}, Sophie and Delbaere, Ben and Jones-Walters, Lawrence and Torre-Mar{\'\i}n, Amor},
	year={2012},
	institution={European Environment Agency},
	number={11/2012}
}

@article{bork2007integrating,
	title={Integrating LIDAR data and multispectral imagery for enhanced classification of rangeland vegetation: A meta analysis},
	author={Bork, Edward W and Su, Jason G},
	journal={Remote Sensing of Environment},
	volume={111},
	number={1},
	pages={11--24},
	year={2007},
	publisher={Elsevier}
}

@techreport{bouwma2014biodiversiteit,
	title={{Biodiversiteit bekeken: hoe evalueert en verkent het PBL het natuurbeleid?}},
	author={Irene Bouwma and Marlies Sanders and Gerard Jagers op Akkerhuis and Onno Knol, Jana Verboom and Bert de Wit and Jaap Wiertz and Arjen van Hinsber},
	year={2014},
	institution={Planbureau voor de Leefomgeving},
	number={924}
}

@article{bradley1997use,
	title={The use of the area under the ROC curve in the evaluation of machine learning algorithms},
	author={Bradley, Andrew P},
	journal={Pattern recognition},
	volume={30},
	number={7},
	pages={1145--1159},
	year={1997},
	publisher={Elsevier}
}

@book{breiman1984classification,
	title={Classification and regression trees},
	author={Breiman, Leo and Friedman, Jerome and Stone, Charles J and Olshen, Richard A},
	year={1984},
	publisher={CRC press}
}

@article{breiman2001random,
	title={Random forests},
	author={Breiman, Leo},
	journal={Machine learning},
	volume={45},
	number={1},
	pages={5--32},
	year={2001},
	publisher={Springer}
}

@article{breiman2002manual,
	title={Manual on setting up, using, and understanding random forests v3. 1},
	author={Breiman, Leo},
	journal={Statistics Department University of California Berkeley, CA, USA},
	volume={1},
	year={2002}
}

@article{brennan2006object,
	title={Object-oriented land cover classification of lidar-derived surfaces},
	author={Brennan, R and Webster, TL},
	journal={Canadian Journal of Remote Sensing},
	volume={32},
	number={2},
	pages={162--172},
	year={2006},
	publisher={Taylor \& Francis}
}

@article{burel1996hedgerows,
	title={Hedgerows and their role in agricultural landscapes},
	author={Burel, Fran{\c{c}}oise},
	journal={Critical reviews in plant sciences},
	volume={15},
	number={2},
	pages={169--190},
	year={1996},
	publisher={Taylor \& Francis}
}

@inproceedings{charaniya2004supervised,
	title={Supervised parametric classification of aerial lidar data},
	author={Charaniya, Amin P and Manduchi, Roberto and Lodha, Suresh K},
	booktitle={Computer Vision and Pattern Recognition Workshop, 2004. CVPRW'04. Conference on},
	pages={30--30},
	year={2004},
	organization={IEEE}
}

@article{chawla2002smote,
	title={SMOTE: synthetic minority over-sampling technique},
	author={Chawla, Nitesh V and Bowyer, Kevin W and Hall, Lawrence O and Kegelmeyer, W Philip},
	journal={Journal of artificial intelligence research},
	volume={16},
	pages={321--357},
	year={2002}
}

@article{chehata2009airborne,
	title={Airborne lidar feature selection for urban classification using random forests},
	author={Chehata, Nesrine and Guo, Li and Mallet, Cl{\'e}ment},
	journal={International Archives of Photogrammetry, Remote Sensing and Spatial Information Sciences},
	volume={38},
	number={3},
	pages={207--2012},
	year={2009},
}

@techreport{Chen2004using,
	title={Using Random Forest to Learn Imbalanced Data},
	author={Chao Chen and Andy Liaw and Leo Breiman},
	year={2004},
	institution={Department of Statistics, UC Berkeley},
	number={666}
}

@book{congalton2008assessing,
	title={Assessing the accuracy of remotely sensed data: principles and practices},
	author={Congalton, Russell G and Green, Kass},
	year={2008},
	publisher={CRC press}
}

@article{delaunay1934sphere,
	title={Sur la sphere vide},
	author={Delaunay, Boris},
	journal={Izv. Akad. Nauk SSSR, Otdelenie Matematicheskii i Estestvennyka Nauk},
	volume={7},
	number={793-800},
	pages={1--2},
	year={1934}
}

@article{demantke2012streamed,
	title={Streamed Vertical Rectangle Detection in Terrestrial Laser Scans for Facade Database Production},
	author={Demantk{\'e}, J and Vallet, B and Paparoditis, N},
	journal={ISPRS Annals of Photogrammetry, Remote Sensing and Spatial Information Sciences},
	volume={1},
	pages={99--104},
	year={2012}
}

@article{edelsbrunner1983shape,
	title={On the shape of a set of points in the plane},
	author={Edelsbrunner, Herbert and Kirkpatrick, David and Seidel, Raimund},
	journal={IEEE Transactions on information theory},
	volume={29},
	number={4},
	pages={551--559},
	year={1983},
	publisher={IEEE}
}

@article{elberink2014user,
	title={User-assisted object detection by segment based similarity measures in mobile laser scanner data},
	author={Elberink, S Oude and Kemboi, B},
	journal={The International Archives of Photogrammetry, Remote Sensing and Spatial Information Sciences},
	volume={40},
	number={3},
	pages={239},
	year={2014},
	publisher={Copernicus GmbH}
}

@article{forlani2006complete,
	title={Complete classification of raw LIDAR data and 3D reconstruction of buildings},
	author={Forlani, Gianfranco and Nardinocchi, Carla and Scaioni, Marco and Zingaretti, Primo},
	journal={Pattern Analysis and Applications},
	volume={8},
	number={4},
	pages={357--374},
	year={2006},
	publisher={Springer}
}

@article{forman1984hedgerows,
	title={Hedgerows and hedgerow networks in landscape ecology},
	author={Forman, Richard TT and Baudry, Jacques},
	journal={Environmental management},
	volume={8},
	number={6},
	pages={495--510},
	year={1984},
	publisher={Springer}
}

@article{freeman1975determining,
	title={Determining the minimum-area encasing rectangle for an arbitrary closed curve},
	author={Freeman, Herbert and Shapira, Ruth},
	journal={Communications of the ACM},
	volume={18},
	number={7},
	pages={409--413},
	year={1975},
	publisher={ACM}
}

@article{gobster2007shared,
	title={The shared landscape: what does aesthetics have to do with ecology?},
	author={Gobster, Paul H and Nassauer, Joan I and Daniel, Terry C and Fry, Gary},
	journal={Landscape ecology},
	volume={22},
	number={7},
	pages={959--972},
	year={2007},
	publisher={Springer}
}

@article{guo2011relevance,
	title={Relevance of airborne lidar and multispectral image data for urban scene classification using Random Forests},
	author={Guo, Li and Chehata, Nesrine and Mallet, Cl{\'e}ment and Boukir, Samia},
	journal={ISPRS Journal of Photogrammetry and Remote Sensing},
	volume={66},
	number={1},
	pages={56--66},
	year={2011},
	publisher={Elsevier}
}

@article{hart1968condensed,
	author={Hart, P},
	journal={IEEE Transactions on Information Theory},
	title={The condensed nearest neighbor rule (Corresp.)},
	year={1968},
	volume={14},
	number={3},
	pages={515-516},
	doi={10.1109/TIT.1968.1054155}
}

@inproceedings{he2008adasyn,
	title={ADASYN: Adaptive synthetic sampling approach for imbalanced learning},
	author={He, Haibo and Bai, Yang and Garcia, Edwardo A and Li, Shutao},
	booktitle={Neural Networks, 2008. IJCNN 2008.(IEEE World Congress on Computational Intelligence). IEEE International Joint Conference on},
	pages={1322--1328},
	year={2008},
	organization={IEEE}
}

@article{he2009learning,
	title={Learning from imbalanced data},
	author={He, Haibo and Garcia, Edwardo A},
	journal={IEEE Transactions on knowledge and data engineering},
	volume={21},
	number={9},
	pages={1263--1284},
	year={2009},
	publisher={IEEE},
	doi = {10.1109/TKDE.2008.239}
}

@article{ho1998random,
	title={The random subspace method for constructing decision forests},
	author={Ho, Tin Kam},
	journal={IEEE transactions on pattern analysis and machine intelligence},
	volume={20},
	number={8},
	pages={832--844},
	year={1998},
	publisher={IEEE}
}

@article{hoppe1992surface,
	title={Surface Reconstruction from Unorganized Points},
	author={Hoppe, Hugues and DeRose, Tony and Duchampt, Tom and McDonald, John and Stuetzle, Werner},
	journal={Computer Graphics},
	volume={26},
	pages={2},
	year={1992}
}

@article{im2008object,
	title={Object-based land cover classification using high-posting-density LiDAR data},
	author={Im, Jungho and Jensen, John R and Hodgson, Michael E},
	journal={GIScience \& Remote Sensing},
	volume={45},
	number={2},
	pages={209--228},
	year={2008},
	publisher={Taylor \& Francis}
}

@article{jongman2004landscape,
	title={Landscape linkages and biodiversity in European landscapes},
	author={Jongman, RHG},
	journal={The new dimensions of the European landscape. Springer, Dordrecht},
	pages={179--189},
	year={2004}
}

@article{jurman2012comparison,
	title={A comparison of MCC and CEN error measures in multi-class prediction},
	author={Jurman, Giuseppe and Riccadonna, Samantha and Furlanello, Cesare},
	journal={PloS one},
	volume={7},
	number={8},
	pages={e41882},
	year={2012},
	publisher={Public Library of Science}
}

@article{khosravipour2014generating,
	title={Generating pit-free canopy height models from airborne lidar},
	author={Khosravipour, Anahita and Skidmore, Andrew K and Isenburg, Martin and Wang, Tiejun and Hussin, Yousif A},
	journal={Photogrammetric Engineering \& Remote Sensing},
	volume={80},
	number={9},
	pages={863--872},
	year={2014},
	publisher={American Society for Photogrammetry and Remote Sensing}
}

@inproceedings{kohavi1995study,
	title={A study of cross-validation and bootstrap for accuracy estimation and model selection},
	author={Kohavi, Ron and others},
	booktitle={Ijcai},
	volume={14},
	number={2},
	pages={1137--1145},
	year={1995},
	organization={Stanford, CA}
}

@article{koukoulas2005spatial,
	title={Spatial relationships between tree species and gap characteristics in broad-leaved deciduous woodland},
	author={Koukoulas, Sotirios and Blackburn, George Alan},
	journal={Journal of Vegetation Science},
	volume={16},
	number={5},
	pages={587--596},
	year={2005},
	publisher={BioOne}
}

@article{kubat1998machine,
	title={Machine learning for the detection of oil spills in satellite radar images},
	author={Kubat, Miroslav and Holte, Robert C and Matwin, Stan},
	journal={Machine learning},
	volume={30},
	number={2-3},
	pages={195--215},
	year={1998},
	publisher={Springer}
}

@article{lefsky2002lidar,
	title={Lidar remote sensing for ecosystem studies: Lidar, an emerging remote sensing technology that directly measures the three-dimensional distribution of plant canopies, can accurately estimate vegetation structural attributes and should be of particular interest to forest, landscape, and global ecologists},
	author={Lefsky, Michael A and Cohen, Warren B and Parker, Geoffrey G and Harding, David J},
	journal={AIBS Bulletin},
	volume={52},
	number={1},
	pages={19--30},
	year={2002},
	publisher={American Institute of Biological Sciences}
}

@article{lim2003lidar,
	title={LiDAR remote sensing of forest structure},
	author={Lim, Kevin and Treitz, Paul and Wulder, Michael and St-Onge, Beno{\^\i}t and Flood, Martin},
	journal={Progress in physical geography},
	volume={27},
	number={1},
	pages={88--106},
	year={2003},
	publisher={Sage Publications}
}

@inproceedings{lodha2007aerial,
	title={Aerial lidar data classification using adaboost},
	author={Lodha, Suresh K and Fitzpatrick, Darren M and Helmbold, David P},
	booktitle={3-D Digital Imaging and Modeling, 2007. 3DIM'07. Sixth International Conference on},
	pages={435--442},
	year={2007},
	organization={IEEE}
}

@article{lopez2013insight,
	title={An insight into classification with imbalanced data: Empirical results and current trends on using data intrinsic characteristics},
	author={L{\'o}pez, Victoria and Fern{\'a}ndez, Alberto and Garc{\'\i}a, Salvador and Palade, Vasile and Herrera, Francisco},
	journal={Information Sciences},
	volume={250},
	pages={113--141},
	year={2013},
	publisher={Elsevier}
}

@inproceedings{maas1999potential,
	title={The potential of height texture measures for the segmentation of airborne laserscanner data},
	author={Maas, Hans-Gerd},
	booktitle={Fourth international airborne remote sensing conference and exhibition/21st Canadian symposium on remote sensing},
	pages={154--161},
	year={1999}
}

@techreport{maes2013mapping,
	title={Mapping and Assessment of Ecosystems and their Services},
	author={Maes, Joachim and Teller, Anne and Erhard, Markus and Liquete, C and Braat, L and Berry, P and Egoh, B and Puydarrieux, P and Fiorina, C and Santos, F and others},
	institution={Joint Research Center - Institute for Environment and Sustainability},
	number={EUR 27143 EN},
	year={2013}
}


@article{mallet2008analysis,
	title={Analysis of full-waveform lidar data for classification of urban areas},
	author={Mallet, Cl{\'e}ment and Bretar, Frederic and Soergel, Uwe},
	journal={Photogrammetrie Fernerkundung Geoinformation},
	volume={5},
	pages={337--349},
	year={2008}
}

@article{matthews1975comparison,
	title={Comparison of the predicted and observed secondary structure of T4 phage lysozyme},
	author={Matthews, Brian W},
	journal={Biochimica et Biophysica Acta (BBA)-Protein Structure},
	volume={405},
	number={2},
	pages={442--451},
	year={1975},
	publisher={Elsevier}
}

@article{meyer2012multifunctional,
	title={A multifunctional assessment method for compromise optimisation of linear landscape elements},
	author={Meyer, Burghard C and Wolf, Torsten and Grabaum, Ralf},
	journal={Ecological Indicators},
	volume={22},
	pages={53--63},
	year={2012},
	publisher={Elsevier}
}

@book{nagao2013structural,
	title={A structural analysis of complex aerial photographs},
	author={Nagao, Makoto and Matsuyama, Takashi},
	year={2013},
	publisher={Springer Science \& Business Media},
	pages={52--57},
	chapter={3.2 A Measure of Elongatedness of a Region}
}

@incollection{niemeyer2011conditional,
	title={Conditional random fields for urban scene classification with full waveform LiDAR data},
	author={Niemeyer, Joachim and Wegner, Jan Dirk and Mallet, Cl{\'e}ment and Rottensteiner, Franz and Soergel, Uwe},
	booktitle={Photogrammetric Image Analysis},
	pages={233--244},
	year={2011},
	publisher={Springer}
}

@article{niemeyer2012conditional,
	title={Conditional random fields for lidar point cloud classification in complex urban areas},
	author={Niemeyer, J and Rottensteiner, F and Soergel, U},
	journal={ISPRS Annals of Photogrammetry, Remote Sensing and Spatial Information Sciences},
	volume={1},
	number={3},
	pages={263--268},
	year={2012}
}

@article{niemeyer2014contextual,
	title={Contextual classification of lidar data and building object detection in urban areas},
	author={Niemeyer, Joachim and Rottensteiner, Franz and Soergel, Uwe},
	journal={ISPRS journal of photogrammetry and remote sensing},
	volume={87},
	pages={152--165},
	year={2014},
	publisher={Elsevier}
}

@inproceedings{nurunnabi2012robust,
	title={Robust segmentation in laser scanning 3D point cloud data},
	author={Nurunnabi, Abdul and Belton, David and West, Geoffrey},
	booktitle={Digital Image Computing Techniques and Applications (DICTA), 2012 International Conference on},
	pages={1--8},
	year={2012},
	organization={IEEE}
}

@techreport{paracchini2008high,
	title={High nature value farmland in Europe},
	author={Paracchini, Maria Luisa and Petersen, Jan-Erik and Hoogeveen, Ybele and Bamps, Catharina and Burfield, Ian and van Swaay, Chris},
	institution={Joint Research Center - Institute for Environment and Sustainability},
	number={EUR 23480 EN},
	year={2008}
}

@inproceedings{pauly2002efficient,
	title={Efficient simplification of point-sampled surfaces},
	author={Pauly, Mark and Gross, Markus and Kobbelt, Leif P},
	booktitle={Proceedings of the conference on Visualization'02},
	pages={163--170},
	year={2002},
	organization={IEEE Computer Society}
}

@misc{PDOK2015luchtfoto,
	author={PDOK},
	year={2015},
	title={{Luchtfoto (PDOK-achtergrond)}},
	url={https://www.pdok.nl/nl/service/wms-luchtfoto-pdok-achtergrond},
	note={[Online: accessed March 2017]}
}

@misc{PDOK2016AHN3,
	author={PDOK},
	year={2016},
	title={{AHN3 downloads}},
	url={https://www.pdok.nl/nl/ahn3-downloads},
	note={[Online: accessed March 2017]}
}

@article{pedregosa2011scikit,
	title={Scikit-learn: Machine learning in Python},
	author={Pedregosa, Fabian and Varoquaux, Ga{\"e}l and Gramfort, Alexandre and Michel, Vincent and Thirion, Bertrand and Grisel, Olivier and Blondel, Mathieu and Prettenhofer, Peter and Weiss, Ron and Dubourg, Vincent and others},
	journal={Journal of Machine Learning Research},
	volume={12},
	number={Oct},
	pages={2825--2830},
	year={2011}
}

@book{preparata1985computational,
	title={Computational geometry: an introduction},
	author={Preparata, Franco P and Shamos, Michael},
	year={1985},
	publisher={Springer Science \& Business Media},
	pages={95--149},
	chapter={3. Convex Hulls: Basic Algorithms}
}

@article{quackenbush2004review,
	title={A review of techniques for extracting linear features from imagery},
	author={Quackenbush, Lindi J},
	journal={Photogrammetric Engineering \& Remote Sensing},
	volume={70},
	number={12},
	pages={1383--1392},
	year={2004},
	publisher={American Society for Photogrammetry and Remote Sensing}
}

@article{rabbani2006segmentation,
	title={Segmentation of point clouds using smoothness constraint},
	author={Rabbani, Tahir and Van Den Heuvel, Frank and Vosselmann, George},
	journal={International archives of photogrammetry, remote sensing and spatial information sciences},
	volume={36},
	number={5},
	pages={248--253},
	year={2006}
}

@incollection{rogers2006identifying,
	title={Identifying feature relevance using a random forest},
	author={Rogers, Jeremy and Gunn, Steve},
	booktitle={Subspace, Latent Structure and Feature Selection},
	pages={173--184},
	year={2006},
	publisher={Springer}
}

@article{rosin1999measuring,
  title={Measuring rectangularity},
  author={Rosin, Paul L},
  journal={Machine Vision and Applications},
  volume={11},
  number={4},
  pages={191--196},
  year={1999},
  publisher={Springer}
}

@article{song2002assessing,
	title={Assessing the possibility of land-cover classification using lidar intensity data},
	author={Song, Jeong-Heon and Han, Soo-Hee and Yu, KY and Kim, Yong-Il},
	journal={International Archives of Photogrammetry Remote Sensing and Spatial Information Sciences},
	volume={34},
	number={3/B},
	pages={259--262},
	year={2002},
}

@book{spellerberg1999introduction,
	title={An introduction to applied biogeography},
	author={Spellerberg, Ian F and Sawyer, John WD},
	year={1999},
	publisher={Cambridge University Press}
}

@article{stehman1997selecting,
	title={Selecting and interpreting measures of thematic classification accuracy},
	author={Stehman, Stephen V},
	journal={Remote sensing of Environment},
	volume={62},
	number={1},
	pages={77--89},
	year={1997},
	publisher={Elsevier}
}

@article{stoate2001ecological,
	title={Ecological impacts of arable intensification in Europe},
	author={Stoate, C and Boatman, ND and Borralho, RJ and Carvalho, C Rio and De Snoo, GR and Eden, Pd},
	journal={Journal of environmental management},
	volume={63},
	number={4},
	pages={337--365},
	year={2001},
	publisher={Elsevier}
}

@article{sun2009classification,
	title={Classification of imbalanced data: A review},
	author={Sun, Yanmin and Wong, Andrew KC and Kamel, Mohamed S},
	journal={International Journal of Pattern Recognition and Artificial Intelligence},
	volume={23},
	number={04},
	pages={687--719},
	year={2009},
	publisher={World Scientific}
}

@article{tomek1976two,
	title={Two modifications of CNN},
	author={Tomek, Ivan},
	journal={IEEE Trans. Systems, Man and Cybernetics},
	volume={6},
	pages={769--772},
	year={1976}
}

@inproceedings{toussaint1983solving,
	title={Solving geometric problems with the rotating calipers},
	author={Toussaint, Godfried T},
	booktitle={Proc. IEEE Melecon},
	volume={83},
	pages={A10},
	year={1983}
}

@article{tovari2005segmentation,
	title={Segmentation based robust interpolation-a new approach to laser data filtering},
	author={T{\'o}v{\'a}ri, D and Pfeifer, N},
	journal={International Archives of Photogrammetry, Remote Sensing and Spatial Information Sciences},
	volume={36},
	number={3/19},
	pages={79--84},
	year={2005}
}

@article{turner1989landscape,
	title={Landscape ecology: the effect of pattern on process},
	author={Turner, Monica Goigel},
	journal={Annual review of ecology and systematics},
	pages={171--197},
	year={1989},
	publisher={JSTOR}
}

@article{van2013modelling,
	title={Modelling the spatial distribution of linear landscape elements in Europe},
	author={Van der Zanden, Emma H and Verburg, Peter H and M{\"u}cher, Caspar A},
	journal={Ecological indicators},
	volume={27},
	pages={125--136},
	year={2013},
	publisher={Elsevier}
}

@article{vo2015octree,
	title={Octree-based region growing for point cloud segmentation},
	author={Vo, Anh-Vu and Truong-Hong, Linh and Laefer, Debra F and Bertolotto, Michela},
	journal={ISPRS Journal of Photogrammetry and Remote Sensing},
	volume={104},
	pages={88--100},
	year={2015},
	publisher={Elsevier}
}

@article{vosselman2013point,
	title={Point cloud segmentation for urban scene classification},
	author={Vosselman, G},
	journal={ISPRS-International Archives of the Photogrammetry, Remote Sensing and Spatial Information Sciences},
	volume={1},
	number={2},
	pages={257--262},
	year={2013}
}

@article{weinmann2014semantic,
	title={Semantic 3D scene interpretation: a framework combining optimal neighborhood size selection with relevant features},
	author={Weinmann, Martin and Jutzi, Boris and Mallet, Cl{\'e}ment},
	journal={ISPRS Annals of the Photogrammetry, Remote Sensing and Spatial Information Sciences},
	volume={2},
	number={3},
	pages={181},
	year={2014},
	publisher={Copernicus GmbH}
}

@article{weinmann2015semantic,
	title={Semantic point cloud interpretation based on optimal neighborhoods, relevant features and efficient classifiers},
	author={Weinmann, Martin and Jutzi, Boris and Hinz, Stefan and Mallet, Cl{\'e}ment},
	journal={ISPRS Journal of Photogrammetry and Remote Sensing},
	volume={105},
	pages={286--304},
	year={2015},
	publisher={Elsevier}
}

@inproceedings{west2004context,
	title={Context-driven automated target detection in 3D data},
	author={West, Karen F and Webb, Brian N and Lersch, James R and Pothier, Steven and Triscari, Joseph M and Iverson, A Evan},
	booktitle={Defense and Security},
	pages={133--143},
	year={2004},
	organization={International Society for Optics and Photonics}
}

@article{yan2015urban,
	title={Urban land cover classification using airborne LiDAR data: A review},
	author={Yan, Wai Yeung and Shaker, Ahmed and El-Ashmawy, Nagwa},
	journal={Remote Sensing of Environment},
	volume={158},
	pages={295--310},
	year={2015},
	publisher={Elsevier}
}

@article{zhang2013svm,
	title={SVM-based classification of segmented airborne LiDAR point clouds in urban areas},
	author={Zhang, Jixian and Lin, Xiangguo and Ning, Xiaogang},
	journal={Remote Sensing},
	volume={5},
	number={8},
	pages={3749--3775},
	year={2013},
	publisher={Multidisciplinary Digital Publishing Institute}
}
